@misc{open-stack-summit,
  author = {Joab Jackson},
  title = {{Open Stack Summit: IBM Demonstrates Live Migration of Docker Containers}},
  howpublished = {\url{https://thenewstack.io/openstack-summit-ibm-demonstrates-live-migration-docker-containers/}},
  year = {2016}, 
  note = {[Last accessed 14/10/2019]}
}

@misc{criu-github,
  author = {CRIU Foundation},
  title = {{CRIU -- A project to implement checkpoint/restore functionality for Linux}},
  howpublished = {\url{https://github.com/checkpoint-restore/criu}},
  year = {2019}, 
  note = {[Last accessed 14/10/2019]}
}

@misc{criu-wiki,
  author = {CRIU Foundation},
  title = {{Checkpoint Restore in Userspace - Wiki}},
  howpublished = {\url{https://criu.org/Main_Page}},
  year = {2019}, 
  note = {[Last accessed 14/10/2019]}
}

@misc{phaul-github,
  author = {CRIU Foundation},
  title = {{Process Haul - Github}},
  howpublished = {\url{https://github.com/checkpoint-restore/go-criu}},
  year = {2019}, 
  note = {[Last accessed 14/10/2019]}
}

@misc{phaul-criu,
  author = {CRIU Foundation},
  title = {{Process Haul - CRIU Wiki}},
  howpublished = {\url{https://criu.org/P.Haul}},
  year = {2019}, 
  note = {[Last accessed 14/10/2019]}
}

@misc{live-migration-criu,
  author = {Joab Jackson},
  title = {{Live Migration - CRIU Wiki}},
  howpublished = {\url{https://criu.org/Live_migration}},
  year = {2019}, 
  note = {[Last accessed 14/10/2019]}
}

@misc{criu-docker,
  author = {CRIU Foudnation},
  title = {{Docker Integration - CRIU}},
  howpublished = {\url{https://criu.org/Docker}},
  year = {2019}
}

@misc{criu-comparison,
  author = {CRIU Foudnation},
  title = {{Comparison with other CR Projects - CRIU}},
  howpublished = {\url{https://criu.org/Comparison_to_other_CR_projects}},
  year = {2019}
}

@misc{dmtcp,
  author = {DMTCP},
  title = {{Distributed MultiThreaded Checkpointing}},
  howpublished = {\url{http://dmtcp.sourceforge.net/}},
  year = {2019}
}

@misc{blcr,
  author = {Computer Language and Systems Software Group},
  title = {{Berkeley Lab Checkpoint/Restart (BLCR) for LINUX}},
  howpublished = {\url{https://crd.lbl.gov/departments/computer-science/CLaSS/research/BLCR/}},
  year = {2013}
}

@book{Raynal2013,
 author = {Raynal, Michel},
 title = {Distributed Algorithms for Message-Passing Systems},
 year = {2013},
 isbn = {3642381227, 9783642381225},
 publisher = {Springer Publishing Company, Incorporated},
} 

@book{Kshemkalyani2008,
 author = {Kshemkalyani, Ajay D. and Singhal, Mukesh},
 title = {Distributed Computing: Principles, Algorithms, and Systems},
 year = {2008},
 isbn = {0521876346},
 edition = {1},
 publisher = {Cambridge University Press},
 address = {New York, NY, USA},
} 

@article{Bouteiller2006,
    author = {Bouteiller, A. and Herault, T. and Krawezik, G. and Lemarinier, P. and Cappello, F.},
    year = {2006},
    month = {08},
    pages = {319-333},
    title = {MPICH-V project: A multiprotocol automatic fault tolerant MPI},
    volume = {20},
    journal = {IJHPCA},
    doi = {10.1177/1094342006067469}
}
