@misc{open-stack-summit,
  author = {Joab Jackson},
  title = {{Open Stack Summit: IBM Demonstrates Live Migration of Docker Containers}},
  howpublished = {\url{https://thenewstack.io/openstack-summit-ibm-demonstrates-live-migration-docker-containers/}},
  year = {2016}, 
  note = {[Last accessed 14/10/2019]}
}

@misc{criu-github,
  author = {CRIU Foundation},
  title = {{CRIU -- A project to implement checkpoint/restore functionality for Linux}},
  howpublished = {\url{https://github.com/checkpoint-restore/criu}},
  year = {2019}, 
  note = {[Last accessed 14/10/2019]}
}

@misc{criu-wiki,
  author = {CRIU Foundation},
  title = {{Checkpoint Restore in Userspace - Wiki}},
  howpublished = {\url{https://criu.org/Main_Page}},
  year = {2019}, 
  note = {[Last accessed 14/10/2019]}
}

@misc{phaul-github,
  author = {CRIU Foundation},
  title = {{Process Haul - Github}},
  howpublished = {\url{https://github.com/checkpoint-restore/go-criu}},
  year = {2019}, 
  note = {[Last accessed 14/10/2019]}
}

@misc{phaul-criu,
  author = {CRIU Foundation},
  title = {{Process Haul - CRIU Wiki}},
  howpublished = {\url{https://criu.org/P.Haul}},
  year = {2019}, 
  note = {[Last accessed 14/10/2019]}
}

@misc{live-migration-criu,
  author = {Joab Jackson},
  title = {{Live Migration - CRIU Wiki}},
  howpublished = {\url{https://criu.org/Live_migration}},
  year = {2019}, 
  note = {[Last accessed 14/10/2019]}
}

@misc{criu-docker,
  author = {CRIU Foudnation},
  title = {{Docker Integration - CRIU}},
  howpublished = {\url{https://criu.org/Docker}},
  year = {2019}
}

@misc{criu-comparison,
  author = {CRIU Foudnation},
  title = {{Comparison with other CR Projects - CRIU}},
  howpublished = {\url{https://criu.org/Comparison_to_other_CR_projects}},
  year = {2019}
}

@misc{dmtcp,
  author = {DMTCP},
  title = {{Distributed MultiThreaded Checkpointing}},
  howpublished = {\url{http://dmtcp.sourceforge.net/}},
  year = {2019}
}

@misc{blcr,
  author = {Computer Language and Systems Software Group},
  title = {{Berkeley Lab Checkpoint/Restart (BLCR) for LINUX}},
  howpublished = {\url{https://crd.lbl.gov/departments/computer-science/CLaSS/research/BLCR/}},
  year = {2013}
}

@book{Raynal2013,
 author = {Raynal, M.},
 title = {Distributed Algorithms for Message-Passing Systems},
 year = {2013},
 isbn = {3642381227, 9783642381225},
 publisher = {Springer Publishing Company, Incorporated},
} 

@book{Kshemkalyani2008,
 author = {Kshemkalyani, A. D. and Singhal, M. },
 title = {Distributed Computing: Principles, Algorithms, and Systems},
 year = {2008},
 isbn = {0521876346},
 edition = {1},
 publisher = {Cambridge University Press},
 address = {New York, NY, USA},
} 

@inproceedings{Ansel2009,
  author = {Ansel, J. and Arya, K. and Cooperman, G.},
  title = {DMTCP: Transparent Checkpointing for Cluster Computations and the Desktop},
  year = {2009},
  isbn = {9781424437511},
  publisher = {IEEE Computer Society},
  address = {USA},
  url = {https://doi.org/10.1109/IPDPS.2009.5161063},
  doi = {10.1109/IPDPS.2009.5161063},
  booktitle = {Proceedings of the 2009 IEEE International Symposium on Parallel \& Distributed Processing},
  pages = {1–12},
  numpages = {12},
  series = {IPDPS ’09}
}

@unpublished{Barker2014,
  author = {Barker, B.},
  title = {Autosave for Research: Where to Start with Checkpoint/Restart},
  year = {2014},
  url = {https://www.cac.cornell.edu/education/CRslides.pdf},
}

@inproceedings{Berg2017,
  title={Distributed Checkpointing with Docker Containers in High Performance Computing},
  author={Gustaf L. Berg and Magnus Brattl{\"o}f},
  year={2017}
}

@inproceedings{Bouteiller2006,
  author = {Bouteiller, A. and Herault, T. and Krawezik, G. and Lemarinier, P. and Cappello, F.},
  year = {2006},
  month = {08},
  pages = {319-333},
  title = {MPICH-V project: A multiprotocol automatic fault tolerant MPI},
  volume = {20},
  journal = {IJHPCA},
  doi = {10.1177/1094342006067469}
}

@inproceedings{Clark2005,
  author = {Clark, C. and Fraser, K. and Hand, S. and Hansen, J. G. and Jul, E. and Limpach, C. and Pratt, I. and Warfield, A.},
  title = {Live Migration of Virtual Machines},
  year = {2005},
  publisher = {USENIX Association},
  address = {USA},
  booktitle = {Proceedings of the 2nd Conference on Symposium on Networked Systems Design \& Implementation - Volume 2},
  pages = {273–286},
  numpages = {14},
  series = {NSDI’05}
}

@article{Garg2013,
  title={Checkpoint-restart for a network of virtual machines},
  author={Garg, R. and Sodha, K. and Zhengping, J. and Cooperman, G.},
  journal={2013 IEEE International Conference on Cluster Computing (CLUSTER)},
  year={2013},
  pages={1-8}
}

@inproceedings{Garg2019,
  author = {Garg, R. and Price, G. and Cooperman, G.},
  title = {MANA for MPI: MPI-Agnostic Network-Agnostic Transparent Checkpointing},
  year = {2019},
  isbn = {9781450366700},
  publisher = {Association for Computing Machinery},
  address = {New York, NY, USA},
  url = {https://doi.org/10.1145/3307681.3325962},
  doi = {10.1145/3307681.3325962},
  booktitle = {Proceedings of the 28th International Symposium on High-Performance Parallel and Distributed Computing},
  pages = {49–60},
  numpages = {12},
  keywords = {MPI, checkpoint-restart, split process approach, DMTCP},
  location = {Phoenix, AZ, USA},
  series = {HPDC ’19}
}
